%مراجع خود را در این قسمت وارد کنید.
% دستوری برای کوچک کردن اندازه فونت‌ها 
%یک مثال را در زیر می‌بینید.
@inproceedings{yang2019generalized,
  title={A generalized algorithm for multi-objective reinforcement learning and policy adaptation},
  author={Yang, Runzhe and Sun, Xingyuan and Narasimhan, Karthik},
  booktitle={Advances in Neural Information Processing Systems},
  pages={14636--14647},
  year={2019}
}
@article{heydari2019softadapt,
  title={Softadapt: Techniques for adaptive loss weighting of neural networks with multi-part loss functions},
  author={Heydari, A Ali and Thompson, Craig A and Mehmood, Asif},
  journal={arXiv preprint arXiv:1912.12355},
  year={2019}
}